<record><leader>00000cas a22000007a 4500</leader><controlfield tag="001">34052578</controlfield><controlfield tag="008">960118d18761890vauwr ne      0    0eng d</controlfield><datafield ind1=" " ind2=" " tag="010"><subfield code="a">sn 95067604 </subfield></datafield><datafield ind1=" " ind2=" " tag="040"><subfield code="a">NVK</subfield><subfield code="b">eng</subfield><subfield code="c">NVK</subfield><subfield code="d">OCLCQ</subfield><subfield code="d">OCLCF</subfield><subfield code="d">OCLCO</subfield></datafield><datafield ind1="1" ind2=" " tag="029"><subfield code="a">AU@</subfield><subfield code="b">000025887097</subfield></datafield><datafield ind1=" " ind2=" " tag="042"><subfield code="a">msc</subfield></datafield><datafield ind1=" " ind2=" " tag="043"><subfield code="a">n-us-va</subfield></datafield><datafield ind1="0" ind2=" " tag="130"><subfield code="a">Hampton monitor (Hampton, Va. : 1876)</subfield></datafield><datafield ind1="1" ind2="0" tag="245"><subfield code="a">Hampton monitor.</subfield></datafield><datafield ind1="1" ind2="3" tag="246"><subfield code="a">Monitor</subfield></datafield><datafield ind1=" " ind2=" " tag="260"><subfield code="a">Hampton, Va. :</subfield><subfield code="b">S.R. Donohoe</subfield></datafield><datafield ind1=" " ind2=" " tag="300"><subfield code="a">v. :</subfield><subfield code="b">ill. ;</subfield><subfield code="c">55 cm.</subfield></datafield><datafield ind1=" " ind2=" " tag="310"><subfield code="a">Weekly</subfield></datafield><datafield ind1="1" ind2=" " tag="362"><subfield code="a">Began in 1876? Ceased in 1890?</subfield><subfield code="z">Cf. Cappon, L.J., Va. newspapers.</subfield></datafield><datafield ind1=" " ind2=" " tag="500"><subfield code="a">Publishers: J.M. Willis &amp; Co., &lt;April 1881&gt; - &lt;1888&gt;.</subfield></datafield><datafield ind1=" " ind2=" " tag="588"><subfield code="a">Description based on: Vol. 1, no. 27 (Mar. 24, 1877).</subfield></datafield><datafield ind1=" " ind2="0" tag="651"><subfield code="a">Hampton (Va.)</subfield><subfield code="v">Newspapers.</subfield></datafield><datafield ind1=" " ind2="7" tag="655"><subfield code="a">Newspapers.</subfield><subfield code="2">fast</subfield><subfield code="0">(OCoLC)fst01423814</subfield></datafield><datafield ind1=" " ind2="7" tag="651"><subfield code="a">Virginia</subfield><subfield code="z">Hampton.</subfield><subfield code="2">fast</subfield><subfield code="0">(OCoLC)fst01206042</subfield></datafield><datafield ind1=" " ind2=" " tag="752"><subfield code="a">United States</subfield><subfield code="b">Virginia</subfield><subfield code="d">Hampton.</subfield></datafield><datafield ind1="0" ind2="0" tag="785"><subfield code="t">Monitor-advance</subfield><subfield code="w">(DLC)sn 95067639</subfield></datafield></record>